@Comment{
  pytorch-neural-doodle/docs/resources.bib

  Created by Paul Warkentin <paul@warkentin.email> on 21/08/2018.
  Updated by Paul Warkentin <paul@warkentin.email> on 21/08/2018.
}

@article{doodles2016,
  title = {Semantic Style Transfer and Turning Two-Bit Doodles into Fine Artworks},
  author = {Champandard, A. J.},
  eprinttype = {arxiv},
  eprint = {1603.01768},
  eprintclass = {cs.CV},
  date = {2016-03-05}
}

@article{mrf2016,
  title = {Combining Markov Random Fields and Convolutional Neural Networks for Image Synthesis},
  author = {Li, C. and Wand, M.},
  eprinttype = {arxiv},
  eprint = {1601.04589},
  eprintclass = {cs.CV},
  date = {2016-01-18}
}
